<record><leader>00000cas a2200000 a 4500</leader><controlfield tag="001">19175383</controlfield><controlfield tag="008">890213d18851979tnuwr ne      0   a0eng d</controlfield><datafield ind1=" " ind2=" " tag="010"><subfield code="a">sn 89058248 </subfield></datafield><datafield ind1=" " ind2=" " tag="040"><subfield code="a">KNP</subfield><subfield code="b">eng</subfield><subfield code="c">KNP</subfield><subfield code="d">TGN</subfield><subfield code="d">OCL</subfield><subfield code="d">OCLCQ</subfield><subfield code="d">OCLCF</subfield><subfield code="d">DLC</subfield></datafield><datafield ind1="0" ind2=" " tag="022"><subfield code="a">2376-6530</subfield><subfield code="2">1</subfield></datafield><datafield ind1=" " ind2=" " tag="042"><subfield code="a">msc</subfield><subfield code="a">nsdp</subfield></datafield><datafield ind1=" " ind2=" " tag="043"><subfield code="a">n-us-tn</subfield></datafield><datafield ind1="0" ind2="0" tag="050"><subfield code="a">Newspaper</subfield></datafield><datafield ind1="0" ind2="0" tag="082"><subfield code="a">071</subfield><subfield code="2">23</subfield></datafield><datafield ind1="0" ind2=" " tag="130"><subfield code="a">Savannah courier (Savannah, Tenn.)</subfield></datafield><datafield ind1=" " ind2="0" tag="222"><subfield code="a">Savannah courier</subfield><subfield code="b">(Savannah, Tenn. Print)</subfield></datafield><datafield ind1="1" ind2="0" tag="245"><subfield code="a">Savannah courier.</subfield></datafield><datafield ind1=" " ind2=" " tag="260"><subfield code="a">Savannah, Tenn. :</subfield><subfield code="b">C.L. Hefner,</subfield><subfield code="c">1885-1979.</subfield></datafield><datafield ind1=" " ind2=" " tag="300"><subfield code="a">v. :</subfield><subfield code="b">ill.</subfield></datafield><datafield ind1=" " ind2=" " tag="310"><subfield code="a">Weekly</subfield></datafield><datafield ind1="0" ind2=" " tag="362"><subfield code="a">Vol. 1, no. 1 (Sept. 17, 1885)-v. 95, no. 17 (Apr. 26, 1979).</subfield></datafield><datafield ind1=" " ind2=" " tag="500"><subfield code="a">Publishers: C.L. Hefner, 1885-1889; C.L. &amp; Jennie E. Hefner, 1889-1894; Hinkle Bros., 1895; John T. Hardin, 1895-&lt;1896&gt;; Hardin &amp; Hefner, 1897; H.C. Thompson &amp; A.J. Fowlkes, 1897-1898; H.C. &amp; E.G. Thompson, 1898-1900; C.L. &amp; Jennie E. Hefner, 1900-1904; Mrs. C.L. Hefner, 1904; O.L. Barlow, 1905-1908; Mangum &amp; Thomas, 1908; W.O. Mangum, 1908-1913; Courier Pub. Co., 1913-1953; R.B. Mangum, 1953-1956; W.W. Craddock, 1957-1971; Kathryn Craddock, 1971-1979.</subfield></datafield><datafield ind1=" " ind2=" " tag="530"><subfield code="a">Archived issues are available in digital format from the Library of Congress Chronicling America online collection.</subfield></datafield><datafield ind1=" " ind2="0" tag="651"><subfield code="a">Savannah (Tenn.)</subfield><subfield code="v">Newspapers.</subfield></datafield><datafield ind1=" " ind2="0" tag="651"><subfield code="a">Hardin County (Tenn.)</subfield><subfield code="v">Newspapers.</subfield></datafield><datafield ind1=" " ind2="7" tag="651"><subfield code="a">Tennessee</subfield><subfield code="z">Hardin County.</subfield><subfield code="2">fast</subfield><subfield code="0">(OCoLC)fst01229016</subfield></datafield><datafield ind1=" " ind2="7" tag="651"><subfield code="a">Tennessee</subfield><subfield code="z">Savannah.</subfield><subfield code="2">fast</subfield><subfield code="0">(OCoLC)fst01228149</subfield></datafield><datafield ind1=" " ind2="7" tag="655"><subfield code="a">Newspapers.</subfield><subfield code="2">fast</subfield><subfield code="0">(OCoLC)fst01423814</subfield></datafield><datafield ind1=" " ind2=" " tag="752"><subfield code="a">United States</subfield><subfield code="b">Tennessee</subfield><subfield code="c">Hardin</subfield><subfield code="d">Savannah.</subfield></datafield><datafield ind1="0" ind2="8" tag="776"><subfield code="i">Online version:</subfield><subfield code="t">Savannah courier (Savannah, Tenn.)</subfield><subfield code="x">2376-6549</subfield><subfield code="w">(DLC)  2014218849</subfield><subfield code="w">(OCoLC)895039839</subfield></datafield><datafield ind1="0" ind2="0" tag="785"><subfield code="t">Courier (Savannah, Tenn.)</subfield><subfield code="w">(DLC)sn 97065135</subfield><subfield code="w">(OCoLC)33286955</subfield></datafield><datafield ind1="4" ind2="1" tag="856"><subfield code="u">http://www.loc.gov/chroniclingamerica/lccn/sn89058248/issues</subfield></datafield><datafield ind1="1" ind2=" " tag="029"><subfield code="a">AU@</subfield><subfield code="b">000020536482</subfield></datafield></record>